 @article{Ekelund_1927, title={Några dynamiska förhållanden vid valsning}, journal={Jernkontorets Annaler}, author={Ekelund, Sven}, year={1927} }
